% Las referencias bibliogr√°ficas se definen en este archivo.

@Book{bib01,
  title     = {Titulo del libro de prueba para la plantilla de latex para la {FCYT}},
  publisher = {Publicador de prueba 01},
  year      = {2018},
  author    = {Nombre autor, Apellido},
  volume    = {5},
  number    = {1},
  journal   = {Lecturas de ejemplo},
}